<!DOCTYPE html>
<meta charset="utf-8" />
<!-- version 1 -->
<title>[Gen 9] Random Battle replay: iepejoxepe vs. Grisetti</title>
<style>
html,body {font-family:Verdana, sans-serif;font-size:10pt;margin:0;padding:0;}body{padding:12px 0;} .battle-log {font-family:Verdana, sans-serif;font-size:10pt;} .battle-log-inline {border:1px solid #AAAAAA;background:#EEF2F5;color:black;max-width:640px;margin:0 auto 80px;padding-bottom:5px;} .battle-log .inner {padding:4px 8px 0px 8px;} .battle-log .inner-preempt {padding:0 8px 4px 8px;} .battle-log .inner-after {margin-top:0.5em;} .battle-log h2 {margin:0.5em -8px;padding:4px 8px;border:1px solid #AAAAAA;background:#E0E7EA;border-left:0;border-right:0;font-family:Verdana, sans-serif;font-size:13pt;} .battle-log .chat {vertical-align:middle;padding:3px 0 3px 0;font-size:8pt;} .battle-log .chat strong {color:#40576A;} .battle-log .chat em {padding:1px 4px 1px 3px;color:#000000;font-style:normal;} .chat.mine {background:rgba(0,0,0,0.05);margin-left:-8px;margin-right:-8px;padding-left:8px;padding-right:8px;} .spoiler {color:#BBBBBB;background:#BBBBBB;padding:0px 3px;} .spoiler:hover, .spoiler:active, .spoiler-shown {color:#000000;background:#E2E2E2;padding:0px 3px;} .spoiler a {color:#BBBBBB;} .spoiler:hover a, .spoiler:active a, .spoiler-shown a {color:#2288CC;} .chat code, .chat .spoiler:hover code, .chat .spoiler:active code, .chat .spoiler-shown code {border:1px solid #C0C0C0;background:#EEEEEE;color:black;padding:0 2px;} .chat .spoiler code {border:1px solid #CCCCCC;background:#CCCCCC;color:#CCCCCC;} .battle-log .rated {padding:3px 4px;} .battle-log .rated strong {color:white;background:#89A;padding:1px 4px;border-radius:4px;} .spacer {margin-top:0.5em;} .message-announce {background:#6688AA;color:white;padding:1px 4px 2px;} .message-announce a, .broadcast-green a, .broadcast-blue a, .broadcast-red a {color:#DDEEFF;} .broadcast-green {background-color:#559955;color:white;padding:2px 4px;} .broadcast-blue {background-color:#6688AA;color:white;padding:2px 4px;} .infobox {border:1px solid #6688AA;padding:2px 4px;} .infobox-limited {max-height:200px;overflow:auto;overflow-x:hidden;} .broadcast-red {background-color:#AA5544;color:white;padding:2px 4px;} .message-learn-canlearn {font-weight:bold;color:#228822;text-decoration:underline;} .message-learn-cannotlearn {font-weight:bold;color:#CC2222;text-decoration:underline;} .message-effect-weak {font-weight:bold;color:#CC2222;} .message-effect-resist {font-weight:bold;color:#6688AA;} .message-effect-immune {font-weight:bold;color:#666666;} .message-learn-list {margin-top:0;margin-bottom:0;} .message-throttle-notice, .message-error {color:#992222;} .message-overflow, .chat small.message-overflow {font-size:0pt;} .message-overflow::before {font-size:9pt;content:'...';} .subtle {color:#3A4A66;}
</style>
<div class="wrapper replay-wrapper" style="max-width:1180px;margin:0 auto">
<input type="hidden" name="replayid" value="gen9randombattle-2306764896" />
<div class="battle"></div><div class="battle-log"></div><div class="replay-controls"></div><div class="replay-controls-2"></div>
<h1 style="font-weight:normal;text-align:center"><strong>[Gen 9] Random Battle</strong><br /><a href="http://pokemonshowdown.com/users/iepejoxepe" class="subtle" target="_blank">iepejoxepe</a> vs. <a href="http://pokemonshowdown.com/users/grisetti" class="subtle" target="_blank">Grisetti</a></h1>
<script type="text/plain" class="battle-log-data">|j|☆iepejoxepe
|j|☆Grisetti

|t:|1740389141
|gametype|singles
|player|p1|iepejoxepe|falkner|1754
|player|p2|Grisetti|wallace|1801
|teamsize|p1|6
|teamsize|p2|6
|gen|9
|tier|[Gen 9] Random Battle
|rated|
|rule|Species Clause: Limit one of each Pokémon
|rule|HP Percentage Mod: HP is shown in percentages
|rule|Sleep Clause Mod: Limit one foe put to sleep
|rule|Illusion Level Mod: Illusion disguises the Pokémon's true level
|
|t:|1740389141
|start
|switch|p1a: Mabosstiff|Mabosstiff, L86, M|100\/100
|switch|p2a: Lokix|Lokix, L82, F|251\/251
|turn|1
|
|t:|1740389149
|move|p2a: Lokix|First Impression|p1a: Mabosstiff
|-supereffective|p1a: Mabosstiff
|-damage|p1a: Mabosstiff|22\/100
|-damage|p2a: Lokix|226\/251|[from] item: Life Orb
|move|p1a: Mabosstiff|Play Rough|p2a: Lokix
|-supereffective|p2a: Lokix
|-damage|p2a: Lokix|44\/251
|
|upkeep
|turn|2
|
|t:|1740389156
|move|p2a: Lokix|Sucker Punch|p1a: Mabosstiff
|-resisted|p1a: Mabosstiff
|-damage|p1a: Mabosstiff|0 fnt
|faint|p1a: Mabosstiff
|-damage|p2a: Lokix|19\/251|[from] item: Life Orb
|
|upkeep
|
|t:|1740389163
|switch|p1a: Persian|Persian, L92, M|100\/100
|turn|3
|
|t:|1740389173
|switch|p2a: Palossand|Palossand, L89, M|296\/296
|move|p1a: Persian|U-turn|p2a: Palossand
|-resisted|p2a: Palossand
|-damage|p2a: Palossand|269\/296
|inactive|Battle timer is ON: inactive players will automatically lose when time's up. (requested by Grisetti)
|inactive|Time left: 150 sec this turn | 150 sec total | 60 sec grace
|
|t:|1740389179
|switch|p1a: Victreebel|Victreebel, L90, M|100\/100|[from] U-turn
|
|-heal|p2a: Palossand|287\/296|[from] item: Leftovers
|upkeep
|turn|4
|inactive|Time left: 150 sec this turn | 150 sec total
|
|t:|1740389194
|move|p1a: Victreebel|Swords Dance|p1a: Victreebel
|-boost|p1a: Victreebel|atk|2
|move|p2a: Palossand|Stealth Rock|p1a: Victreebel
|-sidestart|p1: iepejoxepe|move: Stealth Rock
|
|-heal|p2a: Palossand|296\/296|[from] item: Leftovers
|upkeep
|turn|5
|inactive|Time left: 150 sec this turn | 150 sec total
|
|t:|1740389198
|move|p1a: Victreebel|Power Whip|p2a: Palossand
|-supereffective|p2a: Palossand
|-damage|p2a: Palossand|0 fnt
|faint|p2a: Palossand
|-damage|p1a: Victreebel|90\/100|[from] item: Life Orb
|
|upkeep
|inactive|Time left: 150 sec this turn | 150 sec total
|
|t:|1740389210
|switch|p2a: Lokix|Lokix, L82, F|19\/251
|turn|6
|inactive|Time left: 150 sec this turn | 150 sec total
|
|t:|1740389212
|move|p2a: Lokix|First Impression|p1a: Victreebel
|-damage|p1a: Victreebel|44\/100
|-damage|p2a: Lokix|0 fnt|[from] item: Life Orb
|faint|p2a: Lokix
|move|p1a: Victreebel|Swords Dance|p1a: Victreebel
|-boost|p1a: Victreebel|atk|2
|
|upkeep
|inactive|Time left: 150 sec this turn | 150 sec total
|
|t:|1740389226
|switch|p2a: Crabominable|Crabominable, L90, F|321\/321
|turn|7
|inactive|Time left: 150 sec this turn | 150 sec total
|
|t:|1740389231
|move|p1a: Victreebel|Power Whip|p2a: Crabominable
|-damage|p2a: Crabominable|0 fnt
|faint|p2a: Crabominable
|-damage|p1a: Victreebel|34\/100|[from] item: Life Orb
|
|upkeep
|inactive|Time left: 150 sec this turn | 150 sec total
|
|t:|1740389235
|switch|p2a: Banette|Banette, L93, F|270\/270
|-item|p1a: Victreebel|Life Orb|[from] ability: Frisk|[of] p2a: Banette
|turn|8
|inactive|Time left: 150 sec this turn | 150 sec total
|
|t:|1740389238
|move|p1a: Victreebel|Sucker Punch|p2a: Banette
|-supereffective|p2a: Banette
|-damage|p2a: Banette|0 fnt
|faint|p2a: Banette
|-damage|p1a: Victreebel|24\/100|[from] item: Life Orb
|
|upkeep
|inactive|Time left: 150 sec this turn | 150 sec total
|
|t:|1740389242
|switch|p2a: Scream Tail|Scream Tail, L84|330\/330
|turn|9
|inactive|Time left: 150 sec this turn | 150 sec total
|
|t:|1740389244
|move|p2a: Scream Tail|Dazzling Gleam|p1a: Victreebel
|-resisted|p1a: Victreebel
|-damage|p1a: Victreebel|13\/100
|move|p1a: Victreebel|Poison Jab|p2a: Scream Tail
|-supereffective|p2a: Scream Tail
|-damage|p2a: Scream Tail|0 fnt
|faint|p2a: Scream Tail
|-end|p2a: Scream Tail|Protosynthesis|[silent]
|-damage|p1a: Victreebel|3\/100|[from] item: Life Orb
|
|upkeep
|inactive|Time left: 150 sec this turn | 150 sec total
|
|t:|1740389247
|switch|p2a: Chansey|Chansey, L85, F|564\/564
|turn|10
|inactive|Time left: 150 sec this turn | 150 sec total
|
|t:|1740389253
|move|p1a: Victreebel|Power Whip|p2a: Chansey
|-damage|p2a: Chansey|0 fnt
|faint|p2a: Chansey
|-damage|p1a: Victreebel|0 fnt|[from] item: Life Orb
|faint|p1a: Victreebel
|
|win|iepejoxepe
|inactive|Time left: 150 sec this turn | 150 sec total
|raw|iepejoxepe's rating: 1754 &rarr; <strong>1777<\/strong><br \/>(+23 for winning)
|raw|Grisetti's rating: 1801 &rarr; <strong>1778<\/strong><br \/>(-23 for losing)</script>
</div>
<div class="battle-log battle-log-inline"><div class="inner"><div class="battle-options"><div style="padding-top: 3px; padding-right: 3px; text-align: right"><button class="icon button" name="openBattleOptions" title="Options">Battle Options</button></div></div><div class="inner message-log"><div class="chat"><small>☆iepejoxepe and ☆Grisetti joined</small></div><div class=""><small>Format:</small> <br><strong>[Gen 9] Random Battle</strong></div><div class="rated"><strong>Rated battle</strong></div><div class=""><small><em>Species Clause:</em> Limit one of each Pokémon</small></div><div class=""><small><em>HP Percentage Mod:</em> HP is shown in percentages</small></div><div class=""><small><em>Sleep Clause Mod:</em> Limit one foe put to sleep</small></div><div class=""><small><em>Illusion Level Mod:</em> Illusion disguises the Pokémon's true level</small></div><div class="spacer battle-history"><br></div><div class="battle-history">Battle started between iepejoxepe and Grisetti!<br></div><div class="spacer battle-history"><br></div><div class="battle-history">iepejoxepe sent out <strong>Mabosstiff</strong>!<br></div><div class="spacer battle-history"><br></div><div class="battle-history">Go! <strong>Lokix</strong>!<br></div><div class="spacer battle-history"><br></div><h2 class="battle-history">Turn 1</h2><div class="spacer battle-history"><br></div><div class="battle-history">Lokix used <strong>First Impression</strong>!<br></div><div class="battle-history"><small>It's super effective!</small><br></div><div class="battle-history"><small>(The opposing Mabosstiff lost 78% of its health!)</small><br></div><div class="battle-history"><small>Lokix lost some of its HP!</small><br></div><div class="spacer battle-history"><br></div><div class="battle-history">The opposing Mabosstiff used <strong>Play Rough</strong>!<br></div><div class="battle-history"><small>It's super effective!</small><br></div><div class="battle-history"><small>(Lokix lost <abbr title="−182/251">72.5%</abbr> of its health!)</small><br></div><div class="spacer battle-history"><br></div><h2 class="battle-history">Turn 2</h2><div class="spacer battle-history"><br></div><div class="battle-history">Lokix used <strong>Sucker Punch</strong>!<br></div><div class="battle-history"><small>It's not very effective...</small><br></div><div class="battle-history"><small>(The opposing Mabosstiff lost 22% of its health!)</small><br></div><div class="spacer battle-history"><br></div><div class="battle-history">The opposing Mabosstiff fainted!<br></div><div class="battle-history"><small>Lokix lost some of its HP!</small><br></div><div class="spacer battle-history"><br></div><div class="battle-history">iepejoxepe sent out <strong>Persian</strong>!<br></div><div class="spacer battle-history"><br></div><h2 class="battle-history">Turn 3</h2><div class="spacer battle-history"><br></div><div class="battle-history">Lokix, come back!<br></div><div class="battle-history">Go! <strong>Palossand</strong>!<br></div><div class="spacer battle-history"><br></div><div class="battle-history">The opposing Persian used <strong>U-turn</strong>!<br></div><div class="battle-history"><small>It's not very effective...</small><br></div><div class="battle-history"><small>(Palossand lost <abbr title="−27/296">9.1%</abbr> of its health!)</small><br></div><div class="chat message-error">Battle timer is ON: inactive players will automatically lose when time's up. (requested by Grisetti)</div><div class="spacer battle-history"><br></div><div class="battle-history">The opposing Persian went back to iepejoxepe!<br></div><div class="battle-history">iepejoxepe sent out <strong>Victreebel</strong>!<br></div><div class="spacer battle-history"><br></div><div class="battle-history"><small>Palossand restored a little HP using its Leftovers!</small><br></div><div class="spacer battle-history"><br></div><h2 class="battle-history">Turn 4</h2><div class="spacer battle-history"><br></div><div class="battle-history">The opposing Victreebel used <strong>Swords Dance</strong>!<br></div><div class="battle-history"><small>The opposing Victreebel's Attack rose sharply!</small><br></div><div class="spacer battle-history"><br></div><div class="battle-history">Palossand used <strong>Stealth Rock</strong>!<br></div><div class="battle-history"><small>Pointed stones float in the air around the opposing team!</small><br></div><div class="spacer battle-history"><br></div><div class="battle-history"><small>Palossand restored a little HP using its Leftovers!</small><br></div><div class="spacer battle-history"><br></div><h2 class="battle-history">Turn 5</h2><div class="spacer battle-history"><br></div><div class="battle-history">The opposing Victreebel used <strong>Power Whip</strong>!<br></div><div class="battle-history"><small>It's super effective!</small><br></div><div class="battle-history"><small>(Palossand lost <abbr title="−296/296">100%</abbr> of its health!)</small><br></div><div class="spacer battle-history"><br></div><div class="battle-history">Palossand fainted!<br></div><div class="battle-history"><small>The opposing Victreebel lost some of its HP!</small><br></div><div class="spacer battle-history"><br></div><div class="battle-history">Go! <strong>Lokix</strong>!<br></div><div class="spacer battle-history"><br></div><h2 class="battle-history">Turn 6</h2><div class="spacer battle-history"><br></div><div class="battle-history">Lokix used <strong>First Impression</strong>!<br></div><div class="battle-history"><small>(The opposing Victreebel lost 46% of its health!)</small><br></div><div class="battle-history"><small>Lokix lost some of its HP!</small><br></div><div class="spacer battle-history"><br></div><div class="battle-history">Lokix fainted!<br></div><div class="battle-history">The opposing Victreebel used <strong>Swords Dance</strong>!<br></div><div class="battle-history"><small>The opposing Victreebel's Attack rose sharply!</small><br></div><div class="spacer battle-history"><br></div><div class="battle-history">Go! <strong>Crabominable</strong>!<br></div><div class="spacer battle-history"><br></div><h2 class="battle-history">Turn 7</h2><div class="spacer battle-history"><br></div><div class="battle-history">The opposing Victreebel used <strong>Power Whip</strong>!<br></div><div class="battle-history"><small>(Crabominable lost <abbr title="−321/321">100%</abbr> of its health!)</small><br></div><div class="spacer battle-history"><br></div><div class="battle-history">Crabominable fainted!<br></div><div class="battle-history"><small>The opposing Victreebel lost some of its HP!</small><br></div><div class="spacer battle-history"><br></div><div class="battle-history">Go! <strong>Banette</strong>!<br></div><div class="battle-history">[Banette's Frisk]<br><small>Banette frisked the opposing Victreebel and found its Life Orb!</small><br></div><div class="spacer battle-history"><br></div><h2 class="battle-history">Turn 8</h2><div class="spacer battle-history"><br></div><div class="battle-history">The opposing Victreebel used <strong>Sucker Punch</strong>!<br></div><div class="battle-history"><small>It's super effective!</small><br></div><div class="battle-history"><small>(Banette lost <abbr title="−270/270">100%</abbr> of its health!)</small><br></div><div class="spacer battle-history"><br></div><div class="battle-history">Banette fainted!<br></div><div class="battle-history"><small>The opposing Victreebel lost some of its HP!</small><br></div><div class="spacer battle-history"><br></div><div class="battle-history">Go! <strong>Scream Tail</strong>!<br></div><div class="spacer battle-history"><br></div><h2 class="battle-history">Turn 9</h2><div class="spacer battle-history"><br></div><div class="battle-history">Scream Tail used <strong>Dazzling Gleam</strong>!<br></div><div class="battle-history"><small>It's not very effective...</small><br></div><div class="battle-history"><small>(The opposing Victreebel lost 11% of its health!)</small><br></div><div class="spacer battle-history"><br></div><div class="battle-history">The opposing Victreebel used <strong>Poison Jab</strong>!<br></div><div class="battle-history"><small>It's super effective!</small><br></div><div class="battle-history"><small>(Scream Tail lost <abbr title="−330/330">100%</abbr> of its health!)</small><br></div><div class="spacer battle-history"><br></div><div class="battle-history">Scream Tail fainted!<br></div><div class="battle-history"><small>The opposing Victreebel lost some of its HP!</small><br></div><div class="spacer battle-history"><br></div><div class="battle-history">Go! <strong>Chansey</strong>!<br></div><div class="spacer battle-history"><br></div><h2 class="battle-history">Turn 10</h2><div class="spacer battle-history"><br></div><div class="battle-history">The opposing Victreebel used <strong>Power Whip</strong>!<br></div><div class="battle-history"><small>(Chansey lost <abbr title="−564/564">100%</abbr> of its health!)</small><br></div><div class="spacer battle-history"><br></div><div class="battle-history">Chansey fainted!<br></div><div class="battle-history"><small>The opposing Victreebel lost some of its HP!</small><br></div><div class="spacer battle-history"><br></div><div class="battle-history">The opposing Victreebel fainted!<br></div><div class="spacer battle-history"><br></div><div class="battle-history"><strong>iepejoxepe</strong> won the battle!<br></div><div class="chat">iepejoxepe's rating: 1754 → <strong>1777</strong><br>(+23 for winning)</div><div class="chat">Grisetti's rating: 1801 → <strong>1778</strong><br>(-23 for losing)</div></div><div class="inner-preempt message-log"></div></div></div>
</div>
<script>
let daily = Math.floor(Date.now()/1000/60/60/24);document.write('<script src="https://play.pokemonshowdown.com/js/replay-embed.js?version'+daily+'"></'+'script>');
</script>
